@InProceedings{parkhi12a,
  author       = "Parkhi, O. M. and Vedaldi, A. and Zisserman, A. and Jawahar, C.~V.",
  title        = "Cats and Dogs",
  booktitle    = "IEEE Conference on Computer Vision and Pattern Recognition",
  year         = "2012",
}
@incollection{zhang2008cat,
  title={Cat head detection-how to effectively exploit shape and texture features},
  author={Zhang, Weiwei and Sun, Jian and Tang, Xiaoou},
  booktitle={Computer Vision--ECCV 2008},
  pages={802--816},
  year={2008},
  publisher={Springer}
}
@article{kumar2014biometric,
  title={Biometric Recognition for Pet Animal},
  author={Kumar, Santosh and Singh, Sanjay Kumar},
  journal={Journal of Software Engineering and Applications},
  volume={7},
  number={05},
  pages={470},
  year={2014},
  publisher={Scientific Research Publishing}
}
